
@article{zimmermann_osi_1980,
	title = {{OSI} {Reference} {Model} --- {The} {ISO} {Model} of {Architecture} for {Open} {Systems} {Interconnection}},
	volume = {COM-28},
	language = {English},
	journal = {IEEE Transactions on Communications},
	author = {Zimmermann, H.},
	month = apr,
	year = {1980},
	pages = {425 -- 432},
	file = {OSI_model_reference.pdf:/home/martin/.zotero/zotero/uaod8xxb.default/zotero/storage/HBINW47H/OSI_model_reference.pdf:application/pdf}
}

@inproceedings{andersen_resilient_2001,
	address = {New York, NY, USA},
	series = {{SOSP} '01},
	title = {Resilient {Overlay} {Networks}},
	isbn = {1-58113-389-8},
	url = {http://doi.acm.org/10.1145/502034.502048},
	doi = {10.1145/502034.502048},
	booktitle = {Proceedings of the {Eighteenth} {ACM} {Symposium} on {Operating} {Systems} {Principles}},
	publisher = {ACM},
	author = {Andersen, David and Balakrishnan, Hari and Kaashoek, Frans and Morris, Robert},
	year = {2001},
	pages = {131--145}
}

@inproceedings{nordstrom_serval_2012,
	title = {Serval: {An} end-host stack for service-centric networking},
	booktitle = {Proceedings of the 9th {USENIX} conference on {Networked} {Systems} {Design} and {Implementation}},
	publisher = {USENIX Association},
	author = {Nordstr\"om, Erik and Shue, David and Gopalan, Prem and Kiefer, Robert and Arye, Matvey and Ko, Steven Y and Rexford, Jennifer and Freedman, Michael J},
	year = {2012},
	pages = {7--7}
}
