
@inproceedings{milner_barbed_1992,
	series = {Lecture notes in computer science},
	title = {Barbed {Bisimulation}},
	volume = {623},
	booktitle = {Proceedings of the 19th {International} {Colloquium} on {Automata}, {Languages} and {Programming}},
	publisher = {Springer-Verlag},
	author = {Milner, R. and Sangiorgi, D.},
	year = {1992},
	pages = {685--695}
}